%1
@book{huang-xbox, 
  author = "Andrew 'bunnie' Huang",
  title = "Hacking the Xbox: An introduction To Reverse Engineering",
  year = "2003",
  publisher = "No Starch Press inc."
}

@misc{romkeeper, 
note = "http://www.romkeeper.com/romdkong.html" }

@misc{mame-cp1, 
howpublished="Mame Source Code",
title="CPS1.c"
}

@misc{security-focus, 
note="http://www.securityfocus.com/archive/1/461489", 
title="Xbox 360 Hypervisor Privilege Escalation Vulnerability"
}

@misc{mistakes-xbox, 
note="", 
title="17 Mistakes Microsoft Made in the Xbox Security System"
}

@misc{xbox360-boot, 
note="http://www.xbox-scene.com/xbox1data/sep/EElVEypkZFjtoCbBrp.php", 
title="Xlife.nl Interview with TheSpecialist"
}

@misc{nicola, 
note="http://mamelife.blogspot.com/",
title="Nicola's MAME Ramblings"
}

@misc{andres, 
note="http://andreasnaive.blogspot.com/",
title="Notas de Andy"
}
