%2
@misc{kuenzer-empirical,
  author = "Alexander Kuenzer and Christopher Schlick and Frank Ohmann and Ludger Schmidt
    and Holger Luczak",
  title = "An Empirical Study of Dynamic Bayesian Networks For User Modeling",
  url = "citeseer.ist.psu.edu/kuenzer01empirical.html" }

%3
@misc{sterritt00exploring,
  author = "R. Sterritt and A. Marshall and C. Shapcott and S. Mcclean",
  title = "Exploring Dynamic Bayesian Belief Networks For Intelligent Fault Management
    Systems",
  text = "R. Sterritt, A.H. Marshall, C.M. Shapcott, S.I. Mcclean, Exploring Dynamic
    Bayesian Belief Networks For Intelligent Fault Management Systems, Proc.
    IEEE Int. Conf. Systems, Man And Cybernetics, V, PP3646-3652, Sept. 2000.",
  year = "2000",
  url = "citeseer.ist.psu.edu/sterritt00exploring.html" }

%4
@techreport{nicholson96case,
    author = "A. E. Nicholson",
    title = "A case study in dynamic belief networks: monitoring walking, fall prediction and detection.",
    number = "96/251",
    year = "1996",
    url = "citeseer.ist.psu.edu/nicholson96case.html" }

%5
@inproceedings{forbes95batmobile,
    author = "Jeff Forbes and Timothy Huang and Keiji Kanazawa and Stuart J. Russell",
    title = "The {BATmobile}: Towards a Bayesian Automated Taxi",
    booktitle = "{IJCAI}",
    pages = "1878-1885",
    year = "1995",
    url = "citeseer.ist.psu.edu/article/forbes95batmobile.html" }

%6
@techreport{oliverOffice,
    author = "Nuria Oliver and Eric Horvitz",
    title = "A Comparison of HMMs and Dynamic Bayesian
Networks for Recognizing Office Activities",
    url = "research.microsoft.com/~horvitz/DBN_HMM.pdf" }

%7
@inproceedings{singhalspie:97,
  author = 		 {Amit Singhal and Chris Brown},
  title = 		 {Dynamic Bayes Net Approach to Multimodal Sensor Fusion},
  booktitle =	 {SPIE conference on Sensor Fusion and Decentralized Control},
  year =		 1997,
  volume =		 3209,
  address =		 {Pittsburgh, PA},
  url = {citeseer.ist.psu.edu/article/singhal97dynamic.html} }

%8
@misc{murphy,
    author = "Kevin P. Murphy",
    title = "Dynamic Bayesian Networks",
    year="2002",
    url = "http://www.cs.ubc.ca/~murphyk/Papers/dbnchapter.pdf" }

%9
@article{uk:dhugin,
        AUTHOR = {Uffe Kjaerulff},
        JOURNAL = {International Journal of Forecasting, 
                    Special Issue on Probability Forecasting},
        TITLE = {d{H}ugin: A computational system for 
                   dynamic time-sliced {B}ayesian networks},
        VOLUME = {11},
        PAGES = {89--111},
        YEAR = {1995},
        url = {citeseer.ist.psu.edu/article/kj94dhugin.html} }

%10
@misc{smyth96probabilistic,
    author = "Padhraic Smyth and David Heckerman and Michael Jordan",
    title = "Probabilistic Independence Networks for Hidden Markov Probability Models",
    number = "AIM-1565",
    pages = "31",
    year = "1996",
    url = "citeseer.ist.psu.edu/article/smyth96probabilistic.html" }

%11
@article{ghahramani98learning,
    author = "Zoubin Ghahramani",
    title = "Learning Dynamic {Bayesian} Networks",
    journal = "Lecture Notes in Computer Science",
    volume = "1387",
    pages = "168--??",
    year = "1998",
    url = "citeseer.ist.psu.edu/ghahramani97learning.html" }

%12
@inproceedings{kanazawastochastic,
    author = "Keiji Kanazawa and Daphne Koller and Stuart Russell",
    title = "Stochastic simulation algorithms for dynamic probabilistic networks",
    pages = "346--351",
    url = "citeseer.ist.psu.edu/kanazawa95stochastic.html" }

%13
@inproceedings{sh+dm+jg:endochange,
 AUTHOR = {Steve Hanks and David Madigan and Jonathan Gavrin},
 BOOKTITLE = {Proceedings of the Eleventh Annual Conference on
              Uncertainty in Artificial Intelligence (UAI-95)},
 MONTH = aug,
 TITLE = {{P}robabilistic {T}emporal {R}easoning 
              with {E}ndogenous {C}hange},
 PAGES = {245--254},
 YEAR = {1995},
 url = {citeseer.ist.psu.edu/hanks95probabilistic.html} }

%14
@UNPUBLISHED{btxhak,
   author = "Cherif Smaili and Maan El Badaoui El Najjar and François Charpillet ",
   title = "Multi-Sensor Fusion Method using Dynamic Bayesian Network for Precise Vehicle Localization and Road Matching",  
   month = Sep,
   year = 2007,
   url = {http://arxiv.org/abs/0709.1099}
   }

%15
@misc{darwiche-constantspace,
  author = "Adnan Darwiche",
  title = "Constant-Space Reasoning in Dynamic Bayesian Networks",
  url = "citeseer.ist.psu.edu/489080.html" }

%16
@article{thrun98probabilistic,
    author = "Sebastian Thrun and Wolfram Burgard and Dieter Fox",
    title = "A Probabilistic Approach to Concurrent Mapping and Localization for Mobile Robots",
    journal = "Machine Learning",
    volume = "31",
    number = "1-3",
    pages = "29-53",
    year = "1998",
    url = "citeseer.ist.psu.edu/thrun98probabilistic.html" }

%17
@misc{group-model,
  author = "Daniel Nikovski and Matthew Brand",
  title = "Model Minimization of Dynamic Belief Networks for Group Elevator Control ",
  url = "citeseer.ist.psu.edu/699018.html" }

%18
@misc{murphy-bayesian,
  author = "K. Murphy",
  title = "Bayesian map learning in dynamic environments",
  text = "K. Murphy. Bayesian map learning in dynamic environments. In NIPS-99.",
  url = "citeseer.ist.psu.edu/murphy00bayesian.html" }

%19
@misc{mihajlovic2001,
  author = "V. Mihajlovic and M. Petkovic",
  title = "Dynamic Bayesian Networks: A State of the of Art",
  year="2001",
  url = "http://www.ub.utwente.nl/webdocs/ctit/1/0000006a.pdf" }

%20
@misc{hutter04incremental,
  author = "F. Hutter and B. Ng and R. Dearden",
  title = "Incremental thin junction trees for dynamic bayesian networks",
  text = "F. Hutter, B. Ng, and R. Dearden. Incremental thin junction trees for dynamic
    bayesian networks. Technical report, Intellectics Group, Darmstadt University
    of Technology, Germany, 2004. To be submitted. Preliminary version at www.fhutter.de/itjt.pdf.",
  year = "2004",
  url = "citeseer.ist.psu.edu/hutter04incremental.html" }

%21
@misc{boyen98approximate,
  author = "X. Boyen and D. Koller",
  title = "Approximate learning of dynamic models",
  text = "X. Boyen and D. Koller. Approximate learning of dynamic models. In Neural
    Info. Proc. Systems, 1998.",
  year = "1998",
  url = "citeseer.ist.psu.edu/boyen98approximate.html" }

%22
@inproceedings{boyentractable,
    author = "Xavier Boyen and Daphne Koller",
    title = "Tractable Inference for Complex Stochastic Processes",
    pages = "33--42",
    url = "citeseer.ist.psu.edu/boyen98tractable.html" }

%23 
@misc{kanagal2007,
  author = "Bhargav Kanagal and Amol Deshpande",
  title = "Online Filters, Smoothing and Probabilistic Modeling of Streaming data",
  url = "http://www.cs.umd.edu/~bhargav/tr.pdf" }

%24 
@misc{heckerman95tutorial,
  author = "D. Heckerman",
  title = "A tutorial on learning with bayesian networks",
  text = "David Heckerman. A tutorial on learning with bayesian networks. Technical
    Report MSR-TR-95-06, Microsoft Research, Redmond, Washington, 1995. Revised
    June 96.",
  year = "1995",
  url = "citeseer.ist.psu.edu/heckerman96tutorial.html" }

%25
@inproceedings {savova2007, 
  author="Virginia Savova and Leonid Peshkin",
  title="Dependency Parsing with Dynamic Bayesian Network",
  booktitle="American Association for Artificial Intelligence AAAI", 
  year="2005",
  url="http://arxiv.org/abs/cs/0703135"
}

%26
@inproceedings{peshkin2003, 
  author="Leonic Peshkin and Avi Pfeffer", 
  title="Bayesian Information Extraction Network", 
  booktitle="Intl. Joint Conference on Artificial Intelligence",
  year="2003",
  url="http://arxiv.org/abs/cs/0306039"
}

%27
@inproceedings{pavlovic99dynamic,
    author = "Vladimir Pavlovic and James M. Rehg and Tat-Jen Cham and Kevin P. Murphy",
    title = "A Dynamic Bayesian Network Approach to Figure Tracking using Learned Dynamic Models",
    booktitle = "{ICCV} (1)",
    pages = "94-101",
    year = "1999",
    url = "citeseer.ist.psu.edu/pavlovic99dynamic.html" }

%29 
@article {rao2005, 
  author="Rajesh P. N. Rao", 
  title="Hierarchical Bayesian Inference in Networks of Spiking Neurons", 
  journal="Advances in Neural Information Processing Systems 17", 
  year="2005",
  url="http://www.cs.washington.edu/homes/rao/rao_nips04.pdf"
}

%30
@phdthesis{murphy92,
  title="Dynamic Bayesian Networks: Representation, Inference and Learning", 
  author="Kevin Patrick Murphy", 
  school="University of California, Berkley", 
  year="1992"
}

%32
@article{murphyspeech, 
	title="Dynamic Bayesian Networks for Audio-Visual Speech Recognition",
	author="Ara V. Nefian and Luhong Liang and Xiaobo Pi and Xiaoxing Liu and Kevin Murphy",
   journal="Journal on Applied Signal Processing", 
	year="2002",
	pages="1-15",
	number="11"

}

%34 
@misc{deviren01structural,
  author = "M. Deviren and K. Daoudi",
  title = "Structural learning of dynamic bayesian networks in speech recognition",
  text = "M. Deviren and K. Daoudi,Structural learning of dynamic bayesian networks in speech recognition, in Eurospeech, 2001.",
  year = "2001",
  url = "citeseer.ist.psu.edu/deviren01structural.html" }


%n+1 
@article{dk89, 
  author="T.Dean and K. Kanazawa", 
  title="A model for reasoning about persistance and causation",
  journal="Artifical Intelligent", 
  year="1989"
}
