@MISC{kieu-2006,
  author = {Tien D. Kieu},
  title = {Quantum Adiabatic Computation and the Travelling Salesman Problem},
  howpublished = {http://www.citebase.org/abstract?id=oai:arXiv.org:quant-ph/0601151},
  year = {2006}
}

@MISC{kieu-2006-2,
  author = {Tien D. Kieu},
  title = {Reply to Andrew Hodges},
  howpublished = {http://www.citebase.org/abstract?id=oai:arXiv.org:quant-ph/0602214},
  year = {2006}
}

@ARTICLE{kieu-2003-44,
  author = {Tien D. Kieu},
  title = {Computing the Noncomputable},
  journal = {Contemporary Physics},
  volume = {44},
  pages = {51},
  howpublished = {http://www.citebase.org/abstract?id=oai:arXiv.org:quant-ph/0203034},
  year = {2003}
}

@MISC{kieu-2005,
  author = {Tien D. Kieu},
  title = {Hypercomputability of quantum adiabatic processes: Fact versus   Prejudices},
  howpublished = {http://www.citebase.org/abstract?id=oai:arXiv.org:quant-ph/0504101},
  year = {2005}
}

@MISC{kieu-2003-5105,
  author = {Tien D. Kieu},
  title = {Numerical simulations of a quantum algorithm for Hilbert's tenth problem},
  volume = {5105},
  pages = {89},
  howpublished = {http://www.citebase.org/abstract?id=oai:arXiv.org:quant-ph/0304114},
  year = {2003}
}


@ARTICLE{Smith05d2006,
    author = {Warren D. Smith},
    title = {D.: 2006, Three counterexamples refuting Kieu’s plan for “quantum adiabatic hypercomputation” and some uncomputable quantum mechanical tasks},
    journal = {J.Applied Mathematics and Computation},
    year = {2005},
    volume = {187},
    pages = {184--193}
}

@MISC{kieu-2006-3,
  author = {Tien D. Kieu},
  title = {On the identification of the ground state based on occupation   probabilities: An investigation of Smith's apparent counterexamples},
  howpublished = {http://www.citebase.org/abstract?id=oai:arXiv.org:quant-ph/0602145},
  year = {2006}
}

@MISC{tsirelson-2001,
  author = {Boris Tsirelson},
  title = {The quantum algorithm of Kieu does not solve the Hilbert's tenth problem},
  howpublished = {http://www.citebase.org/abstract?id=oai:arXiv.org:quant-ph/0111009},
  year = {2001}
}




@MISC{leitsch-2007,
  author = {Alexander Leitsch and Guenter Schachner and Karl Svozil},
  title = {How to acknowledge hypercomputation?},
  howpublished = {http://www.citebase.org/abstract?id=oai:arXiv.org:0712.3435},
  year = {2007}
}

@ARTICLE{Ord06themany,
    author = {Toby Ord},
    title = {The many forms of hypercomputation},
    journal = {Applied Mathematics and Computation},
    year = {2006},
    volume = {178},
    pages = {143--153}
}

@MISC{farhi-2000,
  author = {Edward Farhi and Jeffrey Goldstone and Sam Gutmann and Michael Sipser},
  title = {Quantum Computation by Adiabatic Evolution},
  howpublished = {http://www.citebase.org/abstract?id=oai:arXiv.org:quant-ph/0001106},
  year = {2000}
}

@MISC{ambainis-2004,
  author = {Andris Ambainis and Oded Regev},
  title = {An Elementary Proof of the Quantum Adiabatic Theorem},
  howpublished = {http://www.citebase.org/abstract?id=oai:arXiv.org:quant-ph/0411152},
  year = {2004}
}

@MISC{aaronson,
  author = {Scott Aaronson},
  title = {Shtetl-Optimized: The Blog of Scott Aaronson},
  howpublished = {http://www.scottaaronson.com/blog/},
  year = {2007}
}

@MISC{vanderploeg-2007,
  author = {S.~H.~W. {van der Ploeg} and A. Izmalkov and M. Grajcar and U. Huebner and S. Linzen and S. Uchaikin and Th Wagner and A.~Yu Smirnov and A.~Maassen van den Brink and M.~H.~S. Amin and A.~M. Zagoskin and E. Il'ichev and H.~-G. Meyer},
  title = {Adiabatic quantum computation with flux qubits, first experimental   results},
  howpublished = {http://www.citebase.org/abstract?id=oai:arXiv.org:cond-mat/0702580},
  year = {2007}
}

@MISC{discoveryMag,
  author = { Mark Anderson},
  title = {Quantum Leap: The future of super-fast computing appears on the horizon.},
  howpublished = {http://discovermagazine.com/2007/may/quantum-leap},
  year = {2007}
}

@MISC{stannett-2008,
  author = {Mike Stannett},
  title = {The Computational Status of Physics: A Computable Formulation of Quantum   Theory},
  howpublished = {http://www.citebase.org/abstract?id=oai:arXiv.org:0805.1443},
  year = {2008}
}

@MISC{A_abstractrelativistic,
    author = {István Németi A and Gyula Dávid B},
    title = {Abstract Relativistic computers and the Turing barrier q},
    year = {}
}

@ARTICLE{aharonov-2007-37,
  author = {Dorit Aharonov and Wim {van Dam} and Julia Kempe and Zeph Landau and Seth Lloyd and Oded Regev},
  title = {Adiabatic Quantum Computation is Equivalent to Standard Quantum   Computation},
  journal = {SIAM JOURNAL OF COMPUTING},
  volume = {37},
  pages = {166},
  howpublished = {http://www.citebase.org/abstract?id=oai:arXiv.org:quant-ph/0405098},
  year = {2007}
}

@MISC{hodges-2005,
  author = {Andrew Hodges},
  title = {Can quantum computing solve classically unsolvable problems?},
  howpublished = {http://www.citebase.org/abstract?id=oai:arXiv.org:quant-ph/0512248},
  year = {2005}
}

@MISC{mitchell-2008,
  author = {David R. Mitchell},
  title = {Relating computational complexity and quantum spectral complexity},
  howpublished = {http://www.citebase.org/abstract?id=oai:arXiv.org:0811.1801},
  year = {2008}
}

@MISC{vandam-2002,
  author = {Wim {van Dam} and Michele Mosca and Umesh Vazirani},
  title = {How Powerful is Adiabatic Quantum Computation?},
  howpublished = {doi:10.1109/SFCS.2001.959902},
  year = {2002}
}





